<record><leader>00000cas a2200000 a 4500</leader><controlfield tag="001">7626489</controlfield><controlfield tag="008">810729c19539999coudn ne      0   a0eng c</controlfield><datafield ind1=" " ind2=" " tag="010"><subfield code="a">sn 90051774 </subfield></datafield><datafield ind1=" " ind2=" " tag="040"><subfield code="a">COA</subfield><subfield code="b">eng</subfield><subfield code="c">COA</subfield><subfield code="d">CNQ</subfield><subfield code="d">OCL</subfield><subfield code="d">CO3</subfield><subfield code="d">OCLCQ</subfield><subfield code="d">OCLCF</subfield><subfield code="d">OCLCO</subfield><subfield code="d">COD</subfield><subfield code="d">OCL</subfield><subfield code="d">COD</subfield><subfield code="d">OCL</subfield><subfield code="d">COD</subfield></datafield><datafield ind1=" " ind2=" " tag="019"><subfield code="a">990678454</subfield></datafield><datafield ind1=" " ind2=" " tag="042"><subfield code="a">pcc</subfield></datafield><datafield ind1=" " ind2=" " tag="043"><subfield code="a">n-us-co</subfield></datafield><datafield ind1=" " ind2="4" tag="050"><subfield code="a">LH1.C632</subfield><subfield code="b">C6</subfield></datafield><datafield ind1="0" ind2="0" tag="245"><subfield code="a">Colorado daily.</subfield></datafield><datafield ind1=" " ind2="1" tag="264"><subfield code="3">1953- :</subfield><subfield code="a">Boulder, Colo. :</subfield><subfield code="b">the Associated Students of the University of Colorado</subfield></datafield><datafield ind1="2" ind2="1" tag="264"><subfield code="3">&lt;Jan. 22, 1973-&gt; :</subfield><subfield code="a">Boulder, Colorado :</subfield><subfield code="b">the Colorado Daily, Inc.</subfield></datafield><datafield ind1="3" ind2="1" tag="264"><subfield code="3">&lt;January 2010-&gt; :</subfield><subfield code="a">Boulder, Colorado :</subfield><subfield code="b">Prairie Mountain Publishing Company LLC</subfield></datafield><datafield ind1=" " ind2=" " tag="300"><subfield code="a">v.</subfield></datafield><datafield ind1=" " ind2=" " tag="310"><subfield code="a">Daily (except Sat. and Sun.)</subfield></datafield><datafield ind1=" " ind2=" " tag="321"><subfield code="a">Daily, except holidays and examination periods,</subfield><subfield code="b">1953-</subfield></datafield><datafield ind1=" " ind2=" " tag="321"><subfield code="a">Monday, Wednesday and Friday,</subfield><subfield code="b">&lt;June 25, 1971&gt;-</subfield></datafield><datafield ind1="1" ind2=" " tag="362"><subfield code="a">Began with vol. 1, no. 1 (Feb. 5, 1953).</subfield></datafield><datafield ind1=" " ind2=" " tag="500"><subfield code="a">The student newspaper of the University of Colorado until 1973, when it became independent.</subfield></datafield><datafield ind1=" " ind2=" " tag="588"><subfield code="a">Description based on: Vol. 1, no. 1 (Feb. 5, 1953) (surrogate); title from caption.</subfield></datafield><datafield ind1=" " ind2=" " tag="588"><subfield code="a">Latest issue consulted: Dec. 29, 2015.</subfield></datafield><datafield ind1=" " ind2="0" tag="650"><subfield code="a">American newspapers</subfield><subfield code="z">Colorado</subfield><subfield code="z">Boulder.</subfield></datafield><datafield ind1=" " ind2="0" tag="651"><subfield code="a">Boulder (Colo.)</subfield><subfield code="v">Newspapers.</subfield></datafield><datafield ind1="2" ind2="0" tag="610"><subfield code="a">University of Colorado</subfield><subfield code="x">Students</subfield><subfield code="v">Newspapers.</subfield></datafield><datafield ind1="2" ind2="7" tag="610"><subfield code="a">University of Colorado.</subfield><subfield code="2">fast</subfield><subfield code="0">(OCoLC)fst01917891</subfield></datafield><datafield ind1=" " ind2="7" tag="650"><subfield code="a">American newspapers.</subfield><subfield code="2">fast</subfield><subfield code="0">(OCoLC)fst00807293</subfield></datafield><datafield ind1=" " ind2="7" tag="650"><subfield code="a">Students.</subfield><subfield code="2">fast</subfield><subfield code="0">(OCoLC)fst01136041</subfield></datafield><datafield ind1=" " ind2="7" tag="651"><subfield code="a">Colorado</subfield><subfield code="z">Boulder.</subfield><subfield code="2">fast</subfield><subfield code="0">(OCoLC)fst01206092</subfield></datafield><datafield ind1=" " ind2="7" tag="655"><subfield code="a">Newspapers.</subfield><subfield code="2">fast</subfield><subfield code="0">(OCoLC)fst01423814</subfield></datafield><datafield ind1="2" ind2=" " tag="710"><subfield code="a">University of Colorado.</subfield><subfield code="b">Associated Students.</subfield></datafield><datafield ind1=" " ind2=" " tag="752"><subfield code="a">United States</subfield><subfield code="b">Colorado</subfield><subfield code="c">Boulder</subfield><subfield code="d">Boulder.</subfield></datafield><datafield ind1="0" ind2=" " tag="770"><subfield code="t">Hue &amp; cry magazine</subfield><subfield code="w">(DLC)  2017247554</subfield><subfield code="w">(OCoLC)993632971</subfield></datafield><datafield ind1="0" ind2="0" tag="780"><subfield code="t">Silver and gold (University of Colorado. Associated Students)</subfield><subfield code="w">(OCoLC)20511573</subfield></datafield><datafield ind1="1" ind2=" " tag="029"><subfield code="a">NZ1</subfield><subfield code="b">16076322</subfield></datafield></record>